<record><leader>00000cas a22000007a 4500</leader><controlfield tag="001">13917165</controlfield><controlfield tag="008">860723d18711883tnuwr ne      0    0eng d</controlfield><datafield ind1=" " ind2=" " tag="010"><subfield code="a">sn 86053578 </subfield></datafield><datafield ind1=" " ind2=" " tag="040"><subfield code="a">NPX</subfield><subfield code="b">eng</subfield><subfield code="c">NPX</subfield><subfield code="d">MGN</subfield><subfield code="d">TGN</subfield><subfield code="d">OCLCQ</subfield><subfield code="d">OCLCF</subfield><subfield code="d">OCLCO</subfield></datafield><datafield ind1="1" ind2=" " tag="029"><subfield code="a">AU@</subfield><subfield code="b">000021740612</subfield></datafield><datafield ind1=" " ind2=" " tag="042"><subfield code="a">msc</subfield></datafield><datafield ind1=" " ind2=" " tag="043"><subfield code="a">n-us-tn</subfield></datafield><datafield ind1="0" ind2="4" tag="245"><subfield code="a">The Waverly journal.</subfield></datafield><datafield ind1=" " ind2=" " tag="260"><subfield code="a">Waverly, Tenn. :</subfield><subfield code="b">McAdoo &amp; Lanier</subfield></datafield><datafield ind1=" " ind2=" " tag="300"><subfield code="a">v.</subfield></datafield><datafield ind1=" " ind2=" " tag="310"><subfield code="a">Weekly</subfield></datafield><datafield ind1="1" ind2=" " tag="362"><subfield code="a">Began in 1871; ceased in 1883.</subfield></datafield><datafield ind1=" " ind2=" " tag="500"><subfield code="a">"Devoted to the interests of Humphrys and adjoining counties."</subfield></datafield><datafield ind1=" " ind2=" " tag="500"><subfield code="a">Publishers: McAdoo &amp; Lanier, &lt;1874&gt;; W.C. Tatom &amp; Co., &lt;1882&gt;; McAdoo &amp; Tatom, &lt;1882&gt;; Ed S. Jones, &lt;1883&gt;</subfield></datafield><datafield ind1=" " ind2=" " tag="500"><subfield code="a">Editor: Jno. M. Driver, &lt;1876-1877&gt;</subfield></datafield><datafield ind1=" " ind2=" " tag="580"><subfield code="a">Merged with: Linden times, to form: Times-journal (Waverly, Tenn.).</subfield></datafield><datafield ind1=" " ind2=" " tag="588"><subfield code="a">Description based on: Vol. 1, no. 31 (Aug. 6, 1874).</subfield></datafield><datafield ind1=" " ind2="0" tag="651"><subfield code="a">Waverly (Tenn.)</subfield><subfield code="v">Newspapers.</subfield></datafield><datafield ind1=" " ind2="0" tag="651"><subfield code="a">Humphreys County (Tenn.)</subfield><subfield code="v">Newspapers.</subfield></datafield><datafield ind1=" " ind2="7" tag="655"><subfield code="a">Newspapers.</subfield><subfield code="2">fast</subfield><subfield code="0">(OCoLC)fst01423814</subfield></datafield><datafield ind1=" " ind2="7" tag="651"><subfield code="a">Tennessee</subfield><subfield code="z">Humphreys County.</subfield><subfield code="2">fast</subfield><subfield code="0">(OCoLC)fst01208896</subfield></datafield><datafield ind1=" " ind2="7" tag="651"><subfield code="a">Tennessee</subfield><subfield code="z">Waverly.</subfield><subfield code="2">fast</subfield><subfield code="0">(OCoLC)fst01224276</subfield></datafield><datafield ind1=" " ind2=" " tag="752"><subfield code="a">United States</subfield><subfield code="b">Tennessee</subfield><subfield code="c">Humphreys</subfield><subfield code="d">Waverly.</subfield></datafield><datafield ind1="1" ind2="7" tag="785"><subfield code="t">Linden times</subfield><subfield code="w">(DLC)sn 98069777</subfield></datafield><datafield ind1="1" ind2="7" tag="785"><subfield code="t">Times-journal (Waverly, Tenn.)</subfield><subfield code="w">(DLC)sn 98069832</subfield></datafield></record>